<?xml version="1.0" encoding="UTF-8"?><collection xmlns="http://www.loc.gov/MARC21/slim"><record><leader>00640nam--2200181-i-4500</leader><controlfield tag="001">000009526</controlfield><controlfield tag="002">20161230</controlfield><controlfield tag="005">20161230201028</controlfield><controlfield tag="008">060222s1000------------r-----000-0-eng-d</controlfield><datafield ind1=" " ind2=" " tag="040"><subfield code="a">IFIN-HH</subfield></datafield><datafield ind1=" " ind2=" " tag="080"><subfield code="a">621.039:030.8</subfield></datafield><datafield ind1="1" ind2=" " tag="100"><subfield code="a">Clason, W. E</subfield></datafield><datafield ind1="1" ind2="0" tag="245"><subfield code="a">Elsevier's dictionary of nuclear science and technology. in six languages: english/american, french, spanish, italian, dutch and german. compiled and arranged on an english alphabetical basis</subfield><subfield code="c">W.e. clason</subfield></datafield><datafield ind1=" " ind2=" " tag="250"><subfield code="a">Second, Revised Edition</subfield></datafield><datafield ind1=" " ind2=" " tag="260"><subfield code="a">Amsterdam</subfield><subfield code="b">Elsevier Publishing Company</subfield><subfield code="c">1970</subfield></datafield><datafield ind1=" " ind2=" " tag="300"><subfield code="a">787P</subfield></datafield><datafield ind1=" " ind2=" " tag="852"><subfield code="a">D.459</subfield><subfield code="c">SLT</subfield></datafield><datafield ind1=" " ind2=" " tag="CAT"><subfield code="a">Sys</subfield><subfield code="c">20130226</subfield><subfield code="h">153633</subfield></datafield></record></collection>